@article{eason1955certain,
  title={On certain integrals of Lipschitz-Hankel type involving products of Bessel functions},
  author={Eason, George and Noble, Benjamin and Sneddon, Ian Naismith},
  journal={Philosophical Transactions of the Royal Society of London. Series A, Mathematical and Physical Sciences},
  volume={247},
  number={935},
  pages={529--551},
  year={1955},
  publisher={The Royal Society London}
}
@article{clerk1892maxwell,
  title={Maxwell, A Treatise on Electricity and Magnetism, vol. 2},
  author={Clerk, J},
  year={1892}
}
@article{jacobs1963fine,
  title={Fine particles, thin films and exchange anisotropy},
  author={Jacobs, IS},
  journal={Magnetism},
  pages={271--350},
  year={1963},
  publisher={Academic}
}
@article{nicoletitle,
  title={" Title of paper if you know" , unpublished},
  author={Nicole, R}
}
@article{elissatitle,
  title={" Title of paper with only first word capitalized," J. Name Stand. Abbrev., in press.},
  author={Elissa, K}
}
@article{yorozu1987electron,
  title={Electron spectroscopy studies on magneto-optical media and plastic substrate interface},
  author={Yorozu, T and Hirano, M and Oka, K and Tagawa, Y},
  journal={IEEE translation journal on magnetics in Japan},
  volume={2},
  number={8},
  pages={740--741},
  year={1987},
  publisher={IEEE}
}
@misc{young1989technical,
  title={The technical writer's handbook: Writing with style and clarity. Mill Valley},
  author={Young, Matt},
  year={1989},
  publisher={CA: University Science Books}
}

@online{ArduinoHomepage,
  author = {Arduino},
  title = {{Documentação de Referência da Linguagem Arduino}},
  year = 2021,
  url = {https://www.arduino.cc/reference/pt/},
  urldate = {2021-05-28}
}

@online{ProcessingHomepage,
  author = {Processing},
  title = {{Reference:} Processing was designed to be a flexible software sketchbook.},
  year = 2021,
  url = {https://processing.org/reference/},
  urldate = {2021-06-01}
}

@book{evans2013arduino,
  title={Arduino em a{\c{c}}{\~a}o},
  author={Evans, Martin and Noble, Joshua and Hochenbaum, Jordan},
  year={2013},
  publisher={Novatec Editora}
}

@online{TechTudo,
author = {Victor Alcaíde Teixeira},
year = 2016,
url = {https://www.techtudo.com.br/noticias/noticia/2016/03/conheca-pong-o-primeiro-videogame-lucrativo-da-historia.html},
urldate = {11/06/2021}
}

@online{MasterWalkerPushButton,
  author = {MasterWalker},
  title = {{Como usar com Arduino -} Chave Táctil / Push Button.},
  year = 2018,
  url = {https://blogmasterwalkershop.com.br/arduino/arduino-utilizando-o-push-button},
  urldate = {2021-06-13}
}

@online{MasterWalkerPotenciometro,
  author = {MasterWalker},
  title = {{Como usar com Arduino –} Potenciômetro Linear 10K com Eixo Estriado},
  year = 2017,
  url = {https://blogmasterwalkershop.com.br/arduino/arduino-utilizando-o-potenciometro-linear},
  urldate = {2021-06-13}
}

@online{Tinkercad,
  author = {Tinkercad},
  title = {Tinkercad Dashboard},
  year = 2021,
  url = {https://www.tinkercad.com/things/alnQmejrYC8-pong-av3/editel},
  urldate = {2021-06-13}
}